@article{DBLP:journals/corr/EitelSSRB15,
  author    = {Andreas Eitel and
               Jost Tobias Springenberg and
               Luciano Spinello and
               Martin A. Riedmiller and
               Wolfram Burgard},
  title     = {Multimodal Deep Learning for Robust {RGB-D} Object Recognition},
  journal   = {CoRR},
  volume    = {abs/1507.06821},
  year      = {2015},
  url       = {http://arxiv.org/abs/1507.06821},
  timestamp = {Sun, 02 Aug 2015 18:42:02 +0200},
  biburl    = {http://dblp.uni-trier.de/rec/bib/journals/corr/EitelSSRB15},
  bibsource = {dblp computer science bibliography, http://dblp.org}
}