@book{Beaumont1982_photography,
	author = {Newhall, Beaumont},
	title = {The History of Photography},
	year = {1982},
	address = {New York},
	publisher = {The Museum of Modern Art},
}

@misc{Alex2009_kinect,
	author = {Pham, Alex},
	title = {E3: Microsoft shows off gesture control technology for Xbox 360},
	howpublished = {\url{http://latimesblogs.latimes.com/technology/2009/06/microsofte3.html}},
	note = {(visited on 2016-May-10)},
	year = {2009},
	month = {June},
	date = {1},
}

@article{Eitel2015,
	author    = {Andreas Eitel and Jost Tobias Springenberg and Luciano Spinello and Martin A. Riedmiller and Wolfram Burgard},
	title     = {Multimodal Deep Learning for Robust {RGB-D} Object Recognition},
	journal   = {CoRR},
	volume    = {abs/1507.06821},
	year      = {2015},
	url       = {http://arxiv.org/abs/1507.06821},
	timestamp = {Sun, 02 Aug 2015 18:42:02 +0200},
	biburl    = {http://dblp.uni-trier.de/rec/bib/journals/corr/EitelSSRB15},
	bibsource = {dblp computer science bibliography, http://dblp.org}
}

@article{ImageNet2015,
	Author = {Olga Russakovsky and Jia Deng and Hao Su and Jonathan Krause and Sanjeev Satheesh and Sean Ma and Zhiheng Huang and Andrej Karpathy and Aditya Khosla and Michael Bernstein and Alexander C. Berg and Li Fei-Fei},
	Title = {{ImageNet Large Scale Visual Recognition Challenge}},
	Year = {2015},
	journal   = {International Journal of Computer Vision (IJCV)},
	doi = {10.1007/s11263-015-0816-y},
	volume={115},
	number={3},
	pages={211-252}
}

@inproceedings{Lai2011_rgbddata, 
	author={K. Lai and L. Bo and X. Ren and D. Fox}, 
	booktitle={Robotics and Automation (ICRA), 2011 IEEE International Conference on}, 
	title={A large-scale hierarchical multi-view RGB-D object dataset}, 
	year={2011}, 
	pages={1817-1824}, 
	keywords={image colour analysis;image sensors;object recognition;robot vision;video signal processing;RGB-D camera;dataset collection procedure;instance detection;large-scale hierarchical multiview RGB-D object dataset;public image recognition;public image repositories;robotic object recognition;visual object category;Cameras;Object recognition;Robot sensing systems;Three dimensional displays;Video sequences;Videos;Visualization}, 
	doi={10.1109/ICRA.2011.5980382}, 
	ISSN={1050-4729}, 
	month={May},
}

@misc{Chollet2015_keras,
	author = {Fran√ßois Chollet },
	title = {keras},
	year = {2015},
	publisher = {GitHub},
	journal = {GitHub repository},
	howpublished = {\url{https://github.com/fchollet/keras}},
	commit = {5bcac37}
}

@article{theano2016,
	author = {{Theano Development Team}},
	title = "{Theano: A {Python} framework for fast computation of mathematical expressions}",
	journal = {arXiv e-prints},
	volume = {abs/1605.02688},
	primaryClass = "cs.SC",
	keywords = {Computer Science - Symbolic Computation, Computer Science - Learning, Computer Science - Mathematical Software},
	year = 2016,
	month = may,
	url = {http://arxiv.org/abs/1605.02688},
}

@article{Jia2014_caffe,
	Author = {Jia, Yangqing and Shelhamer, Evan and Donahue, Jeff and Karayev, Sergey and Long, Jonathan and Girshick, Ross and Guadarrama, Sergio and Darrell, Trevor},
	Journal = {arXiv preprint arXiv:1408.5093},
	Title = {Caffe: Convolutional Architecture for Fast Feature Embedding},
	Year = {2014}
}

@misc{Sola2016,
	author       = {Sol\`{a}, Marc Bolanos},
	title        = {Deep learning library for {Python}. {Convnets}, recurrent neural networks, and more. {Runs} on {Theano} and {TensorFlow}},
	howpublished = {\url{https://github.com/MarcBS/keras}},
	note         = {(visited on 2016-April-09)},
}

@incollection{Krizhevsky2012_alexnet,
	title = {ImageNet Classification with Deep Convolutional Neural Networks},
	author = {Alex Krizhevsky and Sutskever, Ilya and Geoffrey E. Hinton},
	booktitle = {Advances in Neural Information Processing Systems 25},
	editor = {F. Pereira and C. J. C. Burges and L. Bottou and K. Q. Weinberger},
	pages = {1097--1105},
	year = {2012},
	publisher = {Curran Associates, Inc.},
	url = {http://papers.nips.cc/paper/4824-imagenet-classification-with-deep-convolutional-neural-networks.pdf}
}

@article{Simonyan2014_vgg,
	author       = "Simonyan, K. and Zisserman, A.",
	title        = "Very Deep Convolutional Networks for Large-Scale Image Recognition",
	journal      = "CoRR",
	volume       = "abs/1409.1556",
	year         = "2014"
}

@article{googlenet,
  author    = {Christian Szegedy and
               Wei Liu and
               Yangqing Jia and
               Pierre Sermanet and
               Scott E. Reed and
               Dragomir Anguelov and
               Dumitru Erhan and
               Vincent Vanhoucke and
               Andrew Rabinovich},
  title     = {Going Deeper with Convolutions},
  journal   = {CoRR},
  volume    = {abs/1409.4842},
  year      = {2014},
  url       = {http://arxiv.org/abs/1409.4842},
  timestamp = {Fri, 08 Apr 2016 07:34:30 +0200},
  biburl    = {http://dblp.uni-trier.de/rec/bib/journals/corr/SzegedyLJSRAEVR14},
  bibsource = {dblp computer science bibliography, http://dblp.org}
}

@article{resnet,
  author    = {Kaiming He and
               Xiangyu Zhang and
               Shaoqing Ren and
               Jian Sun},
  title     = {Deep Residual Learning for Image Recognition},
  journal   = {CoRR},
  volume    = {abs/1512.03385},
  year      = {2015},
  url       = {http://arxiv.org/abs/1512.03385},
  timestamp = {Wed, 30 Mar 2016 23:40:00 +0200},
  biburl    = {http://dblp.uni-trier.de/rec/bib/journals/corr/HeZRS15},
  bibsource = {dblp computer science bibliography, http://dblp.org}
}

@INPROCEEDINGS{lazebnik_bof, 
	author={S. Lazebnik and C. Schmid and J. Ponce}, 
	booktitle={2006 IEEE Computer Society Conference on Computer Vision and Pattern Recognition (CVPR'06)}, 
	title={Beyond Bags of Features: Spatial Pyramid Matching for Recognizing Natural Scene Categories}, 
	year={2006}, 
	volume={2}, 
	pages={2169-2178}, 
	keywords={Histograms;Image databases;Image recognition;Image representation;Image segmentation;Layout;Object recognition;Robustness;Shape;Spatial databases}, 
	doi={10.1109/CVPR.2006.68}, 
	ISSN={1063-6919}, 
	month={}
}

@misc{tensorflow2015-whitepaper,
title={{TensorFlow}: Large-Scale Machine Learning on Heterogeneous Systems},
url={http://tensorflow.org/},
note={Software available from tensorflow.org},
author={
    Mart\'{\i}n~Abadi and
    Ashish~Agarwal and
    Paul~Barham and
    Eugene~Brevdo and
    Zhifeng~Chen and
    Craig~Citro and
    Greg~S.~Corrado and
    Andy~Davis and
    Jeffrey~Dean and
    Matthieu~Devin and
    Sanjay~Ghemawat and
    Ian~Goodfellow and
    Andrew~Harp and
    Geoffrey~Irving and
    Michael~Isard and
    Yangqing Jia and
    Rafal~Jozefowicz and
    Lukasz~Kaiser and
    Manjunath~Kudlur and
    Josh~Levenberg and
    Dan~Man\'{e} and
    Rajat~Monga and
    Sherry~Moore and
    Derek~Murray and
    Chris~Olah and
    Mike~Schuster and
    Jonathon~Shlens and
    Benoit~Steiner and
    Ilya~Sutskever and
    Kunal~Talwar and
    Paul~Tucker and
    Vincent~Vanhoucke and
    Vijay~Vasudevan and
    Fernanda~Vi\'{e}gas and
    Oriol~Vinyals and
    Pete~Warden and
    Martin~Wattenberg and
    Martin~Wicke and
    Yuan~Yu and
    Xiaoqiang~Zheng},
  year={2015},
}

@article{KingmaB14_adam,
  author    = {Diederik P. Kingma and
               Jimmy Ba},
  title     = {Adam: {A} Method for Stochastic Optimization},
  journal   = {CoRR},
  volume    = {abs/1412.6980},
  year      = {2014},
  url       = {http://arxiv.org/abs/1412.6980},
  timestamp = {Thu, 01 Jan 2015 19:51:08 +0100},
  biburl    = {http://dblp.uni-trier.de/rec/bib/journals/corr/KingmaB14},
  bibsource = {dblp computer science bibliography, http://dblp.org}
}